@techreport{Lang:2008,
author = {Lang, P J and Bradley, M M and Cuthbert, B N},
title = {{International affective picture system (IAPS): Affective ratings of pictures and instruction manual.}},
institution = { University of Florida},
year = {2008},
address = {Gainesville, FL}
}

